<record><leader>00000cas a22000007a 4500</leader><controlfield tag="001">26971042</controlfield><controlfield tag="008">921113d19031909nmuwr ne      0    0eng d</controlfield><datafield ind1=" " ind2=" " tag="010"><subfield code="a">sn 92072374 </subfield></datafield><datafield ind1=" " ind2=" " tag="040"><subfield code="a">NVM</subfield><subfield code="b">eng</subfield><subfield code="c">NVM</subfield><subfield code="d">OCLCQ</subfield></datafield><datafield ind1=" " ind2=" " tag="042"><subfield code="a">msc</subfield></datafield><datafield ind1=" " ind2=" " tag="043"><subfield code="a">n-us-nm</subfield></datafield><datafield ind1="0" ind2="0" tag="245"><subfield code="a">Cloudcroft silver lining.</subfield></datafield><datafield ind1=" " ind2=" " tag="260"><subfield code="a">Cloudcroft, Otero County, N.M. :</subfield><subfield code="b">J.R. Wallace</subfield></datafield><datafield ind1=" " ind2=" " tag="300"><subfield code="a">v.</subfield></datafield><datafield ind1=" " ind2=" " tag="310"><subfield code="a">Weekly</subfield></datafield><datafield ind1="1" ind2=" " tag="362"><subfield code="a">Began in 1903.</subfield></datafield><datafield ind1="0" ind2=" " tag="362"><subfield code="a">-sixth year, no. 51 (Mar. 13, 1909).</subfield></datafield><datafield ind1=" " ind2=" " tag="530"><subfield code="a">Available on microfilm from: El Paso, Tex. : Southwest Microfilms.</subfield></datafield><datafield ind1=" " ind2=" " tag="588"><subfield code="a">Description based on: Vol. 1, no. 40 (Jan. 2, 190[4]).</subfield></datafield><datafield ind1=" " ind2="4" tag="651"><subfield code="a">Cloudcroft (N.M.)</subfield><subfield code="v">Newspapers.</subfield></datafield><datafield ind1=" " ind2="4" tag="651"><subfield code="a">Otero County (N.M.)</subfield><subfield code="v">Newspapers.</subfield></datafield><datafield ind1=" " ind2=" " tag="752"><subfield code="a">United States</subfield><subfield code="b">New Mexico</subfield><subfield code="c">Otero</subfield><subfield code="d">Cloudcroft.</subfield></datafield><datafield ind1="0" ind2="0" tag="780"><subfield code="t">Otero County enterprise</subfield></datafield><datafield ind1="0" ind2="0" tag="785"><subfield code="t">Silver lining (Cloudcroft, N.M.)</subfield><subfield code="w">(DLC)sn 92072375</subfield></datafield></record>